<collection xmlns="http://www.loc.gov/MARC21/slim">
   <record>
      <leader>02371cam a2200457 i 4500</leader>
      <controlfield tag="001">6815535</controlfield>
      <controlfield tag="003">OCoLC</controlfield>
      <controlfield tag="005">20150210164849.0</controlfield>
      <controlfield tag="008">140902s2015    mdua     b    001 0 eng  </controlfield>
      <datafield ind1=" " ind2=" " tag="010">
         <subfield code="a">  2014027472</subfield>
      </datafield>
      <datafield ind1=" " ind2=" " tag="020">
         <subfield code="a">9781442230545</subfield>
         <subfield code="q">cloth : alk. paper</subfield>
      </datafield>
      <datafield ind1=" " ind2=" " tag="020">
         <subfield code="a">1442230541</subfield>
         <subfield code="q">cloth : alk. paper</subfield>
      </datafield>
      <datafield ind1=" " ind2=" " tag="020">
         <subfield code="z">9781442230552</subfield>
         <subfield code="q">electronic</subfield>
      </datafield>
      <datafield ind1=" " ind2=" " tag="035">
         <subfield code="a">ocn880566119</subfield>
      </datafield>
      <datafield ind1=" " ind2=" " tag="040">
         <subfield code="a">DLC</subfield>
         <subfield code="e">rda</subfield>
         <subfield code="b">eng</subfield>
         <subfield code="c">DLC</subfield>
         <subfield code="d">YDX</subfield>
         <subfield code="d">YDXCP</subfield>
         <subfield code="d">BDX</subfield>
         <subfield code="d">BTCTA</subfield>
         <subfield code="d">OCLCA</subfield>
         <subfield code="d">OCLCF</subfield>
         <subfield code="d">CHVBK</subfield>
         <subfield code="d">UAB</subfield>
         <subfield code="d">AEU</subfield>
      </datafield>
      <datafield ind1=" " ind2=" " tag="042">
         <subfield code="a">pcc</subfield>
      </datafield>
      <datafield ind1="0" ind2="0" tag="050">
         <subfield code="a">BS2595.52</subfield>
         <subfield code="b">.M26 2015</subfield>
      </datafield>
      <datafield ind1="0" ind2="0" tag="082">
         <subfield code="a">226.4/066</subfield>
         <subfield code="2">23</subfield>
      </datafield>
      <datafield ind1=" " ind2=" " tag="090">
         <subfield code="a">BS 2595.52 M26 2015</subfield>
         <subfield code="b">AEU</subfield>
      </datafield>
      <datafield ind1="1" ind2=" " tag="100">
         <subfield code="a">MacDonald, Dennis Ronald,</subfield>
         <subfield code="d">1946-</subfield>
         <subfield code="e">author.</subfield>
         <subfield code="0">http://id.loc.gov/authorities/names/n82148414</subfield>
         <subfield code="0">http://viaf.org/viaf/114002292</subfield>
      </datafield>
      <datafield ind1="1" ind2="0" tag="245">
         <subfield code="a">Luke and Vergil :</subfield>
         <subfield code="b">imitations of classical Greek literature /</subfield>
         <subfield code="c">Dennis R. MacDonald.</subfield>
      </datafield>
      <datafield ind1=" " ind2="1" tag="264">
         <subfield code="a">Lanham :</subfield>
         <subfield code="b">Rowman &amp; Littlefield,</subfield>
         <subfield code="c">[2015]</subfield>
      </datafield>
      <datafield ind1=" " ind2=" " tag="300">
         <subfield code="a">xii, 259 pages :</subfield>
         <subfield code="b">illustrations ;</subfield>
         <subfield code="c">24 cm.</subfield>
      </datafield>
      <datafield ind1=" " ind2=" " tag="336">
         <subfield code="a">text</subfield>
         <subfield code="b">txt</subfield>
         <subfield code="2">rdacontent</subfield>
         <subfield code="0">http://id.loc.gov/vocabulary/contentTypes/txt</subfield>
      </datafield>
      <datafield ind1=" " ind2=" " tag="337">
         <subfield code="a">unmediated</subfield>
         <subfield code="b">n</subfield>
         <subfield code="2">rdamedia</subfield>
         <subfield code="0">http://id.loc.gov/vocabulary/mediaTypes/n</subfield>
      </datafield>
      <datafield ind1=" " ind2=" " tag="338">
         <subfield code="a">volume</subfield>
         <subfield code="b">nc</subfield>
         <subfield code="2">rdacarrier</subfield>
         <subfield code="0">http://id.loc.gov/vocabulary/carriers/nc</subfield>
      </datafield>
      <datafield ind1="1" ind2=" " tag="490">
         <subfield code="a">New Testament and Greek Literature ;</subfield>
         <subfield code="v">volume 2</subfield>
      </datafield>
      <datafield ind1=" " ind2=" " tag="504">
         <subfield code="a">Includes bibliographical references and indexes.</subfield>
      </datafield>
      <datafield ind1=" " ind2=" " tag="596">
         <subfield code="a">16</subfield>
      </datafield>
      <datafield ind1="0" ind2="0" tag="600">
         <subfield code="a">Virgil.</subfield>
         <subfield code="t">Aeneis.</subfield>
         <subfield code="0">http://id.loc.gov/authorities/names/n81013510</subfield>
      </datafield>
      <datafield ind1="0" ind2="0" tag="600">
         <subfield code="a">Virgil</subfield>
         <subfield code="x">Influence.</subfield>
         <subfield code="0">http://id.loc.gov/authorities/names/n79014062</subfield>
      </datafield>
      <datafield ind1="0" ind2="0" tag="630">
         <subfield code="a">Bible.</subfield>
         <subfield code="p">Luke</subfield>
         <subfield code="x">Extra-canonical parallels.</subfield>
         <subfield code="0">http://id.loc.gov/authorities/names/n79055751</subfield>
      </datafield>
      <datafield ind1="0" ind2="0" tag="630">
         <subfield code="a">Bible.</subfield>
         <subfield code="p">Acts</subfield>
         <subfield code="x">Extra-canonical parallels.</subfield>
         <subfield code="0">http://id.loc.gov/authorities/names/n79022117</subfield>
      </datafield>
      <datafield ind1="0" ind2="0" tag="630">
         <subfield code="a">Bible.</subfield>
         <subfield code="p">Luke</subfield>
         <subfield code="x">Criticism, interpretation, etc.</subfield>
         <subfield code="0">http://id.loc.gov/authorities/names/n79055751</subfield>
      </datafield>
      <datafield ind1="0" ind2="0" tag="630">
         <subfield code="a">Bible.</subfield>
         <subfield code="p">Acts</subfield>
         <subfield code="x">Criticism, interpretation, etc.</subfield>
         <subfield code="0">http://id.loc.gov/authorities/names/n79022117</subfield>
      </datafield>
      <datafield ind1=" " ind2="0" tag="650">
         <subfield code="a">Greek literature</subfield>
         <subfield code="x">Relation to the New Testament.</subfield>
         <subfield code="0">http://id.loc.gov/authorities/subjects/sh85057174</subfield>
      </datafield>
      <datafield ind1=" " ind2=" " tag="758">
         <subfield code="0">http://worldcat.org/entity/work/id/23908250</subfield>
      </datafield>
      <datafield ind1="0" ind2=" " tag="787">
         <subfield code="n">OCLC Work Id</subfield>
         <subfield code="o">http://worldcat.org/entity/work/id/23908250</subfield>
      </datafield>
      <datafield ind1=" " ind2="0" tag="830">
         <subfield code="a">New Testament and Greek Literature ;</subfield>
         <subfield code="v">v. 2.</subfield>
      </datafield>
      <datafield ind1=" " ind2=" " tag="949">
         <subfield code="a">BS 2595.52 M26 2015</subfield>
         <subfield code="h">UAAU-B</subfield>
         <subfield code="i">0162035247889</subfield>
      </datafield>
      <datafield ind1=" " ind2=" " tag="926">
         <subfield code="a">BS 2595.52 M26 2015</subfield>
         <subfield code="w">LC</subfield>
         <subfield code="c">1</subfield>
         <subfield code="i">0162035247889</subfield>
         <subfield code="l">ON_SHELF</subfield>
         <subfield code="m">UAAUG</subfield>
         <subfield code="p">$150.00</subfield>
         <subfield code="r">Y</subfield>
         <subfield code="s">Y</subfield>
         <subfield code="t">BOOK</subfield>
         <subfield code="u">3/4/2015</subfield>
      </datafield>
   </record>
</collection>
